%% This BibTeX bibliography file was created using BibDesk.
%% http://bibdesk.sourceforge.net/

%% Created for Oumar at 2016-12-27 17:00:15 +0000 


%% Saved with string encoding Unicode (UTF-8) 



@article{12,
	Author = {N. Allott, D. Rogers and G. Preston},
	Date-Added = {2016-12-27 16:03:23 +0000},
	Date-Modified = {2016-12-27 16:47:29 +0000},
	Journal = {Aivailable from : http://www.w3.org/2008/security-ws/papers/OMTP\_Security\_Position\_Paper.pdf},
	Title = {``W3C Security Workshop Position Paper A web based security model fit for purpose''},
	Year = {2008}}

@manual{8,
	Author = {CGI Group},
	Date-Added = {2016-12-27 16:02:15 +0000},
	Date-Modified = {2016-12-27 16:47:46 +0000},
	Title = {Public Key Encryption and Digital Signature: How do they work?},
	Year = {2004}}

@article{2,
	Author = {Cryptome},
	Date-Added = {2016-12-27 16:01:22 +0000},
	Date-Modified = {2016-12-27 16:36:44 +0000},
	Journal = {available from : https://cryptome.org/2013/09/infosecurity-cert.pdf},
	Title = {Fundamental Security Concepts},
	Year = {NA}}

@manual{6,
	Author = {Envoisolutions},
	Date-Added = {2016-12-27 15:59:49 +0000},
	Date-Modified = {2016-12-27 16:47:56 +0000},
	Title = {``Scalable, Reliable, and Secure RESTful services''},
	Year = {2007}}

@article{7,
	Author = {R.T. Fielding},
	Date-Added = {2016-12-27 15:57:47 +0000},
	Date-Modified = {2016-12-27 16:47:51 +0000},
	Journal = {Available at : http://www.ics.uci.edu/~fielding/pubs/dissertation/rest\_arch\_style.htm},
	Title = {``Chapter 5: Representational State Transfer (REST), Architectural Styles and the Design of Network-based Software Architectures.''},
	Year = {NA}}

@booklet{9,
	Address = {Available from : https://msdn.microsoft.com/en- us/library/cc767139.aspx},
	Author = {Prentice Hall},
	Date-Added = {2016-12-27 15:55:59 +0000},
	Date-Modified = {2016-12-27 16:47:42 +0000},
	Title = {``Cryptography and Network Security : Principles and Practic, Second Edition'', Chapter 14},
	Year = {2005}}

@book{4,
	Author = {D. Hardt Ed},
	Date-Added = {2016-12-27 15:53:58 +0000},
	Date-Modified = {2016-12-27 16:21:15 +0000},
	Publisher = {ISSN: 2070-1721},
	Title = {The OAuth 2.0 Authorization Framework},
	Year = {2012}}

@article{1,
	Author = {Hughes Systique Coporation},
	Date-Added = {2016-12-27 15:52:23 +0000},
	Date-Modified = {2016-12-27 16:48:14 +0000},
	Journal = {Available at: www.hsc.com/portals/0/uploads/articles/wp\_securing\_restful\_webservices\_oauth26354 06646412464000.pdf},
	Title = {``Securing RESTful Web Services Using Spring and OAuth 2.0''},
	Year = {2006}}

@article{10,
	Author = {IBM},
	Date-Added = {2016-12-27 15:50:09 +0000},
	Date-Modified = {2016-12-27 15:51:53 +0000},
	Journal = {https://www.ibm.com/developerworks/library/ws-restful/},
	Title = {``RESTful Web services: The basics''},
	Year = {09 February 2015}}

@techreport{11,
	Author = {J. Langford},
	Date-Added = {2016-12-27 15:48:34 +0000},
	Date-Modified = {2016-12-27 16:21:56 +0000},
	Institution = {SANS Insitute},
	Title = {``Implement Least Privilege at your Enterprise''},
	Year = {5th July 2003}}

@article{5,
	Author = {M. Elkstein},
	Date-Added = {2016-12-27 15:46:24 +0000},
	Date-Modified = {2016-12-27 16:48:00 +0000},
	Journal = {available at : http://rest.elkstein.org/2008/02/how-simple-is-rest.html},
	Title = {``Learn REST: A Tutorial''},
	Year = {2008}}

@article{13,
	Author = {Programmable Web, Dec. 11 2012},
	Date-Added = {2016-12-27 15:44:10 +0000},
	Date-Modified = {2016-12-27 16:47:26 +0000},
	Journal = {available at : http://www.programmableweb.com/news/39-statistics-apis-compete-clicky-and-cownt-us/2012/12/11},
	Title = {``39 Statistics APIs: Compete, Clicky and Cownt Us''},
	Year = {2012}}

@article{14,
	Author = {R. Richardson, CSI Director},
	Date-Added = {2016-12-27 15:42:13 +0000},
	Date-Modified = {2016-12-27 16:47:22 +0000},
	Journal = {Available from : http://itlaw.wikia.com/wiki/CSI\_Computer\_Crime\_and\_Security\_Survey\_2010/2011},
	Title = {``2010 / 2011 CSI Computer Crime and Security Survey''},
	Year = {2011}}

@article{15,
	Author = {Slideshare},
	Date-Added = {2016-12-27 15:41:20 +0000},
	Date-Modified = {2016-12-27 16:47:19 +0000},
	Journal = {available at http://www.slideshare.net/programmableweb/web-api-growthsince2005},
	Title = {``Chart of Web API Growth From 2005 Through 2013''},
	Year = {2013}}

@article{17,
	Author = {Statista},
	Date-Added = {2016-12-27 15:40:13 +0000},
	Date-Modified = {2016-12-27 16:59:34 +0000},
	Journal = {available at http://www.statista.com/statistics/282087/number-of-monthly-active-twitter-users},
	Title = {``Number of monthly active Twitter users worldwide from 1st quarter 2010 to 3rd quarter 2015 (in millions)''},
	Year = {2010}}

@article{16,
	Author = {The Internet Society},
	Date-Added = {2016-12-27 15:37:30 +0000},
	Date-Modified = {2016-12-27 16:47:16 +0000},
	Journal = {http://www.rfc- base.org/txt/rfc-2617.txt},
	Title = {``HTTP Authentication: Basic and Digest Access Authentication''},
	Year = {1999}}

@manual{3,
	Address = {https://dev.twitter.com/oauth/overview/faq},
	Author = {Twitter Documentation},
	Date-Added = {2016-12-27 15:35:04 +0000},
	Date-Modified = {2016-12-27 16:48:07 +0000},
	Edition = {accessed 4th November 2016},
	Title = {``How long does an access token last?''},
	Year = {2015}}

@article{18,
	Author = {J. Wagnon},
	Date-Added = {2016-12-27 15:33:21 +0000},
	Date-Modified = {2016-12-27 16:47:08 +0000},
	Journal = {available at https://devcentral.f5.com/articles/ssl-profiles-part-8-client- authentication},
	Title = {"SSL Profiles Part 8: Client Authentication''},
	Year = {2013}}
